<record><leader>00000cas a22000007a 4500</leader><controlfield tag="001">42340434</controlfield><controlfield tag="007">hd afb---bacp</controlfield><controlfield tag="007">hd bfb---baap</controlfield><controlfield tag="007">hd bfb---babp</controlfield><controlfield tag="008">791115d19721990wausr nea     0    0eng d</controlfield><datafield ind1=" " ind2=" " tag="010"><subfield code="a">  2002252805</subfield></datafield><datafield ind1=" " ind2=" " tag="040"><subfield code="a">WaU</subfield><subfield code="b">eng</subfield><subfield code="c">WAU</subfield><subfield code="d">OCL</subfield><subfield code="d">WAU</subfield><subfield code="d">OCLCQ</subfield><subfield code="d">OCLCF</subfield><subfield code="d">OCLCO</subfield></datafield><datafield ind1=" " ind2=" " tag="019"><subfield code="a">5637426</subfield></datafield><datafield ind1=" " ind2=" " tag="022"><subfield code="a">0274-9645</subfield><subfield code="l">0274-9645</subfield></datafield><datafield ind1="1" ind2=" " tag="029"><subfield code="a">AU@</subfield><subfield code="b">000023624571</subfield></datafield><datafield ind1=" " ind2=" " tag="042"><subfield code="a">msc</subfield></datafield><datafield ind1=" " ind2=" " tag="043"><subfield code="a">n-usp--</subfield></datafield><datafield ind1="0" ind2=" " tag="130"><subfield code="a">Western flyer (Tacoma, Wash.)</subfield></datafield><datafield ind1="0" ind2="0" tag="245"><subfield code="a">Western flyer</subfield><subfield code="h">[microform].</subfield></datafield><datafield ind1=" " ind2=" " tag="260"><subfield code="a">Tacoma, Wash. :</subfield><subfield code="b">Western flyer,</subfield><subfield code="c">[1972]-c1990.</subfield></datafield><datafield ind1=" " ind2=" " tag="300"><subfield code="a">v. :</subfield><subfield code="b">ill. ;</subfield><subfield code="c">35 cm.</subfield></datafield><datafield ind1=" " ind2=" " tag="310"><subfield code="a">Semimonthly</subfield></datafield><datafield ind1="0" ind2=" " tag="362"><subfield code="a">13th year, no. 13 (1st issue of Sept. 1972)-42nd year, no. 10 (1st issue of July 1990).</subfield></datafield><datafield ind1=" " ind2=" " tag="500"><subfield code="a">Published by: Northwest Flyer,   -1990.</subfield></datafield><datafield ind1=" " ind2=" " tag="550"><subfield code="a">Official publication of: Northwest Antique Airplane Club, and: Washington Pilots Association.</subfield></datafield><datafield ind1=" " ind2=" " tag="533"><subfield code="a">Microfilm.</subfield><subfield code="b">[Seattle, Wash.] :</subfield><subfield code="c">Filmed for the University of Washington Libraries.</subfield><subfield code="e">microfilm reels ; 35 mm.</subfield><subfield code="n">Filmed with other titles.</subfield></datafield><datafield ind1=" " ind2="0" tag="650"><subfield code="a">Aeronautics</subfield><subfield code="z">West (U.S.)</subfield><subfield code="v">Newspapers.</subfield></datafield><datafield ind1=" " ind2="0" tag="650"><subfield code="a">Private flying</subfield><subfield code="z">West (U.S.)</subfield><subfield code="v">Newspapers.</subfield></datafield><datafield ind1=" " ind2="0" tag="651"><subfield code="a">West (U.S.)</subfield><subfield code="v">Newspapers.</subfield></datafield><datafield ind1=" " ind2="7" tag="655"><subfield code="a">Newspapers.</subfield><subfield code="2">fast</subfield><subfield code="0">(OCoLC)fst01423814</subfield></datafield><datafield ind1=" " ind2="7" tag="650"><subfield code="a">Aeronautics.</subfield><subfield code="2">fast</subfield><subfield code="0">(OCoLC)fst00798293</subfield></datafield><datafield ind1=" " ind2="7" tag="650"><subfield code="a">Private flying.</subfield><subfield code="2">fast</subfield><subfield code="0">(OCoLC)fst01077482</subfield></datafield><datafield ind1=" " ind2="7" tag="651"><subfield code="a">United States, West.</subfield><subfield code="2">fast</subfield><subfield code="0">(OCoLC)fst01243255</subfield></datafield><datafield ind1="2" ind2=" " tag="710"><subfield code="a">Northwest Antique Airplane Club.</subfield></datafield><datafield ind1="2" ind2=" " tag="710"><subfield code="a">Washington Pilots Association.</subfield></datafield><datafield ind1=" " ind2=" " tag="752"><subfield code="a">United States</subfield><subfield code="b">Washington</subfield><subfield code="c">Pierce</subfield><subfield code="d">Tacoma.</subfield></datafield><datafield ind1="1" ind2=" " tag="776"><subfield code="c">Original</subfield><subfield code="w">(DLC)sn 88085639</subfield><subfield code="w">(OCoLC)18068840</subfield></datafield><datafield ind1="0" ind2="0" tag="780"><subfield code="t">Northwest flyer (Parkland, Wash.)</subfield><subfield code="w">(DLC)  2002252804</subfield><subfield code="w">(OCoLC)42340694</subfield></datafield><datafield ind1="0" ind2="5" tag="780"><subfield code="t">General aviation news</subfield><subfield code="x">0191-927X</subfield></datafield><datafield ind1="0" ind2="0" tag="785"><subfield code="t">General aviation news &amp; flyer</subfield><subfield code="x">1052-9136</subfield><subfield code="w">(DLC)  2002252829</subfield><subfield code="w">(OCoLC)49897700</subfield></datafield><datafield ind1=" " ind2=" " tag="850"><subfield code="a">WaU</subfield><subfield code="a">WaU (Master)</subfield></datafield></record>